@misc{starmer2023optimization,
  author    = {Josh Starmer},
  title     = {Optimization for Deep Learning (Momentum, RMSprop, AdaGrad, Adam)},
  year      = {2023},
  howpublished       = {\url{https://www.youtube.com/watch?v=NE88eqLngkg}},
  howpublished = {YouTube},
}

@article{kingma2014adam,
  title={Adam: A Method for Stochastic Optimization},
  author={Kingma, Diederik P and Ba, Jimmy},
  journal={ICLR 2015},
  year={2014},
  url={https://arxiv.org/pdf/1412.6980},
}